<record><leader>00000cas a2200000 a 4500</leader><controlfield tag="001">42012971</controlfield><controlfield tag="008">990804d19311941caudn ne      0    0eng c</controlfield><datafield ind1=" " ind2=" " tag="010"><subfield code="a">sn 99060799 </subfield></datafield><datafield ind1=" " ind2=" " tag="040"><subfield code="a">CNK</subfield><subfield code="b">eng</subfield><subfield code="c">CNK</subfield><subfield code="d">OCLCQ</subfield><subfield code="d">OCLCF</subfield><subfield code="d">OCLCO</subfield></datafield><datafield ind1="1" ind2=" " tag="029"><subfield code="a">AU@</subfield><subfield code="b">000020832284</subfield></datafield><datafield ind1=" " ind2=" " tag="042"><subfield code="a">pcc</subfield></datafield><datafield ind1=" " ind2=" " tag="043"><subfield code="a">n-us-ca</subfield></datafield><datafield ind1="0" ind2=" " tag="130"><subfield code="a">South Bay daily breeze (Redondo Beach, Calif. : 1931)</subfield></datafield><datafield ind1="1" ind2="0" tag="245"><subfield code="a">South Bay daily breeze.</subfield></datafield><datafield ind1="3" ind2="0" tag="246"><subfield code="a">Daily breeze</subfield></datafield><datafield ind1=" " ind2=" " tag="260"><subfield code="a">Redondo Beach, Calif. :</subfield><subfield code="b">Daily Breeze Pub. Co.</subfield></datafield><datafield ind1=" " ind2=" " tag="300"><subfield code="a">v.</subfield></datafield><datafield ind1=" " ind2=" " tag="310"><subfield code="a">Daily (except Sun.)</subfield></datafield><datafield ind1="0" ind2=" " tag="362"><subfield code="a">Vol. 38, no. 103 (May 1, 1931)-v. 48, no. 105 (May 3, 1941).</subfield></datafield><datafield ind1=" " ind2=" " tag="500"><subfield code="a">"South Bay" appears in small print above "Daily Breeze," &lt;Jan. 16, 1933-Mar. 29, 1940&gt;, and "Redondo Daily Breeze, Hermosa Daily Breeze, Manhattan Daily Breeze" appears in smaller print below "Daily Breeze," &lt;Jan. 16, 1933-Mar. 29, 1940&gt;</subfield></datafield><datafield ind1=" " ind2="0" tag="651"><subfield code="a">Redondo Beach (Calif.)</subfield><subfield code="v">Newspapers.</subfield></datafield><datafield ind1=" " ind2="0" tag="651"><subfield code="a">Hermosa Beach (Calif.)</subfield><subfield code="v">Newspapers.</subfield></datafield><datafield ind1=" " ind2="0" tag="651"><subfield code="a">Manhattan Beach (Calif.)</subfield><subfield code="v">Newspapers.</subfield></datafield><datafield ind1=" " ind2="7" tag="655"><subfield code="a">Newspapers.</subfield><subfield code="2">fast</subfield><subfield code="0">(OCoLC)fst01423814</subfield></datafield><datafield ind1=" " ind2="7" tag="651"><subfield code="a">California</subfield><subfield code="z">Hermosa Beach.</subfield><subfield code="2">fast</subfield><subfield code="0">(OCoLC)fst01250343</subfield></datafield><datafield ind1=" " ind2="7" tag="651"><subfield code="a">California</subfield><subfield code="z">Manhattan Beach.</subfield><subfield code="2">fast</subfield><subfield code="0">(OCoLC)fst01214289</subfield></datafield><datafield ind1=" " ind2="7" tag="651"><subfield code="a">California</subfield><subfield code="z">Redondo Beach.</subfield><subfield code="2">fast</subfield><subfield code="0">(OCoLC)fst01220411</subfield></datafield><datafield ind1=" " ind2=" " tag="752"><subfield code="a">United States</subfield><subfield code="b">California</subfield><subfield code="c">Los Angeles</subfield><subfield code="d">Redondo Beach.</subfield></datafield><datafield ind1="0" ind2="0" tag="780"><subfield code="t">Redondo daily breeze</subfield><subfield code="w">(DLC)sn 99060798</subfield></datafield><datafield ind1="0" ind2="0" tag="785"><subfield code="t">Redondo Beach daily breeze</subfield><subfield code="w">(DLC)sn 99060795</subfield></datafield></record>